% This file was created with JabRef 2.10.
% Encoding: UTF8


@Book{dig2015,
  Title                    = {Hej},
  Author                   = {dig},
  Editor                   = {Mig igen},
  Publisher                = {Mig},
  Year                     = {2015},

  Owner                    = {Cecilie},
  Timestamp                = {2015.09.14}
}

