% This file was created with JabRef 2.10.
% Encoding: Cp1252


@Electronic{Academic2015,
  Title                    = {Stroke},
  Author                   = {Britannica Academic},
  Language                 = {Engelsk},
  Month                    = {September},
  Organization             = {Encyclopaedia Britannica},
  Url                      = {http://academic.eb.com.zorac.aub.aau.dk/EBchecked/topic/569347/stroke},
  Year                     = {2015},

  Owner                    = {sofiehelenebjrsrudjensen},
  Timestamp                = {2015.09.22}
}

@Article{Christensen&Zielke2008,
  Title                    = {Klinisk retningslinie for akut indlagte, voksne patienter med apopleksia cerebri},
  Author                   = {Christensen, Doris; Zielke, Susanne S.},
  Year                     = {2008},

  Owner                    = {Mads},
  Timestamp                = {2015.09.15},
  Url                      = {http://www.dsfa.dk/Dokumenter/Fagligt/Klinisk-retningslinie-dysfagi-februar-2008.pdf}
}

@Electronic{Sundhed.dk,
  Title                    = {Apopleksi, kognitive symptomer},
  Author                   = {Christina Rostrup Kruuse, overlæge, ph.d., klinisk lektor, Neurologisk afdeling, Herlev Hospital
John Sahl Andersen, alm. prakt. læge, lektor, ph.d.,
Nanna Witting, afdelingslæge, ph.d., Neurologisk Klinik, Rigshospitalet
Finn Klamer, speciallæge i almen medicin, tidl. prakt. læge, lægefaglig rådgiver i Den fælles offentlige sundhedsportal - sundhed.dk,},
  Organization             = {Sundhed.dk},
  Url                      = {https://www.sundhed.dk/sundhedsfaglig/laegehaandbogen/hjerte-kar/tilstande-og-sygdomme/apopleksi-og-tia/apopleksi-kognitive-symptomer/},
  Year                     = {2015},

  Owner                    = {Mads},
  Timestamp                = {2015.09.15}
}

@Article{DSfA2009,
  Title                    = {Referenceprogram for behandling af patienter med apopleksi},
  Author                   = {DSfA},
  Journal                  = {Dansk Selskab for Apopleksi},
  Year                     = {2009},

  Owner                    = {Mads},
  Timestamp                = {2015.09.15}
}

@Electronic{Hjernesagen2015,
  Title                    = {Tal og fakta om hjerneskader},
  Author                   = {Hjernesagen},
  Language                 = {Dansk},
  Month                    = {April},
  Url                      = {http://www.hjernesagen.dk/om-hjerneskader/tal-og-fakta-om-hjerneskader},
  Year                     = {2015},

  Owner                    = {Nikolineeeee},
  Timestamp                = {2015.09.22}
}

@Electronic{Hjernesagen2015a,
  Title                    = {Fakta om Apopleksi},
  Author                   = {Hjernesagen},
  Language                 = {Dansk},
  Month                    = {April},
  Url                      = {http://www.hjernesagen.dk/om-hjerneskader/bloedning-eller-blodprop-i-hjernen/fakta-om-apopleksi},
  Year                     = {2015},

  Owner                    = {Nikolineeeee},
  Timestamp                = {2015.09.22}
}

@Electronic{Hjernesagen2015b,
  Title                    = {Trombolysebehandling af blodprop i hjernen},
  Author                   = {Hjernesagen},
  Url                      = {http://www.hjernesagen.dk/om-hjerneskader/behandling/trombolyse},
  Year                     = {2015},

  Owner                    = {Maria},
  Timestamp                = {2015.09.23}
}

@Electronic{Hjerteforeningen2014,
  Title                    = {Apopleksi},
  Author                   = {Hjerteforeningen},
  Url                      = {http://www.hjerteforeningen.dk/alt-om-dit-hjerte/hjerte-kar-sygdomme/apopleksi/},
  Year                     = {2014},

  Owner                    = {Maria},
  Timestamp                = {2015.09.23}
}

@Electronic{Hjaelpemiddelbasen2015,
  Title                    = {Biofeedback udstyr til bevægelses-, styrke- og balancetræning},
  Author                   = {Hjælpemiddelbasen},
  Month                    = {September},
  Organization             = {Socialstyrelsen},
  Url                      = {http://www.hmi-basen.dk/r11x.asp?linkinfo=46309},
  Year                     = {2015},

  Owner                    = {sofiehelenebjrsrudjensen},
  Timestamp                = {2015.09.22}
}

@Article{Karnath2003,
  Title                    = {Understanding and Treating “Pusher Syndrome”},
  Author                   = {Karnath, Hans-Otto; Broetz, Doris},
  Journal                  = {Physical Therapy. Volume 83. Number 12},
  Year                     = {2003},

  Owner                    = {Mads},
  Timestamp                = {2015.09.15}
}

@Electronic{Kjaergaard2015,
  Title                    = {Antikoagulationsbehandling (blodfortyndende medicin)},
  Author                   = {Kjærgaard, Jesper},
  Url                      = {https://www.sundhed.dk/borger/sygdomme-a-aa/hjerte-og-blodkar/sygdomme/behandlinger/antikoagulationsbehandling-blodfortyndende-medicin/},
  Year                     = {2015},

  Owner                    = {Maria},
  Timestamp                = {2015.09.23}
}

@Electronic{Kruuse2014,
  Title                    = {Apopleksi - blodprop eller blødning i hjernen},
  Author                   = {Christina Rostrup Kruuse},
  Language                 = {Dansk},
  Month                    = {August},
  Url                      = {https://www.sundhed.dk/borger/sygdomme-a-aa/hjerte-og-blodkar/sygdomme/apopleksi/apopleksi-blodprop-eller-bloedning-i-hjernen/},
  Year                     = {2014},

  Owner                    = {Nikolineeeee},
  Timestamp                = {2015.09.22}
}

@Book{Michael-Titus2010,
  Title                    = {The nervous system : basic science and clinical conditions},
  Author                   = {Michael-Titus, Adina; Revest, Patricia; Shortland, Peter},
  Editor                   = {2. ed.},
  Publisher                = {Edinburgh : Churchill Livingstone},
  Year                     = {2010},

  Owner                    = {Mads},
  Timestamp                = {2015.09.15}
}

@PhdThesis{Muus2008,
  Title                    = {Helbredsrelateret livskvalitet efter apopleks: Validering og anvendelse af SSQOL-DK, et diagnosespecifikt instrument til måling af helbredsrelateret livskvalitet blandt danske apopleksipatienter},
  Author                   = {Muus, Ingrid ; Ringsberg, Karin C ; Petzold, Max ; Persson, Lars-Olof},
  School                   = {Nordic School of Public Health NHV Göteborg, Sweden},
  Year                     = {2008},

  Owner                    = {Mads},
  Timestamp                = {2015.09.15}
}

@Article{Nichols1997,
  Title                    = {Balance retraining after stroke using force platform biofeedback.},
  Author                   = {Nichols, D.S.},
  Journal                  = {Physical Therapy. Volume 77. Number 5. Page 553-558},
  Year                     = {1997},

  Owner                    = {Mads},
  Timestamp                = {2015.09.15}
}

@Electronic{Sundhed2014,
  Title                    = {Behandling ved apopleksi},
  Author                   = {Sundhed},
  Url                      = {https://www.sundhed.dk/borger/sygdomme-a-aa/hjerte-og-blodkar/sygdomme/apopleksi/behandling-ved-apopleksi/},
  Year                     = {2014},

  Owner                    = {Maria},
  Timestamp                = {2015.09.23}
}

@Article{Sundhedsstyrelsen2011,
  Title                    = {Bilag til Forløbsprogram for rehabilitering af voksne med erhvervet hjerneskade - apopleksi og TCI},
  Author                   = {Sundhedsstyrelsen},
  Journal                  = {Sundhedsstyrelsen},
  Year                     = {2011},

  Owner                    = {Nikolineeeee},
  Timestamp                = {2015.09.22}
}

@Article{Sundhedsstyrelsen2010,
  Title                    = {Hjerneskaderehabilitering - en medicinsk teknologivurdering},
  Author                   = {Sundhedsstyrelsen},
  Journal                  = {Sundhedsstyrelsen},
  Year                     = {2010},

  Owner                    = {Nikolineeeee},
  Timestamp                = {2015.09.22}
}

